<?xml version="1.0" encoding="UTF-8"?><record xmlns="http://www.loc.gov/MARC21/slim" xmlns:cinclude="http://apache.org/cocoon/include/1.0" xmlns:zs="http://www.loc.gov/zing/srw/">
  <leader>00440nz  a2200133n  4500</leader>
  <controlfield tag="001">n  85373549 </controlfield>
  <controlfield tag="003">DLC</controlfield>
  <controlfield tag="005">19860424064310.4</controlfield>
  <controlfield tag="008">860310n| acannaab|          |n aaa |||  </controlfield>
  <datafield tag="010" ind1=" " ind2=" ">
    <subfield code="a">n  85373549 </subfield>
  </datafield>
  <datafield tag="040" ind1=" " ind2=" ">
    <subfield code="a">DLC</subfield>
    <subfield code="c">DLC</subfield>
  </datafield>
  <datafield tag="100" ind1="1" ind2="0">
    <subfield code="a">Stephenson, John R.</subfield>
    <subfield code="q">(John Raymond)</subfield>
  </datafield>
  <datafield tag="670" ind1=" " ind2=" ">
    <subfield code="a">A Lively legacy, c1985:</subfield>
    <subfield code="b">t.p. (John R. Stephenson) p. v. (M.A.; Ph.D.)</subfield>
  </datafield>
  <datafield tag="670" ind1=" " ind2=" ">
    <subfield code="a">Phone call to Concordia Theol. Sem., 3/3/86</subfield>
    <subfield code="b">(full name: John Raymond Stephenson)</subfield>
  </datafield>
</record>